%% This BibTeX bibliography file was created using BibDesk.
%% http://bibdesk.sourceforge.net/

%% Created for Swupnil Sahai at 2017-09-16 13:01:52 -0700 


%% Saved with string encoding Unicode (UTF-8) 



@article{Chung+others:2015,
	Author = {Chung, Yeojin and Gelman, Andrew and Rabe-Hesketh, Sophia and Liu, Jingchen and Dorie, Vincent},
	Date-Added = {2017-09-16 20:01:40 +0000},
	Date-Modified = {2017-09-16 20:01:46 +0000},
	Journal = {Journal of Educational and Behavioral Statistics},
	Number = {2},
	Pages = {136--157},
	Publisher = {SAGE Publications Sage CA: Los Angeles, CA},
	Title = {Weakly informative prior for point estimation of covariance matrices in hierarchical models},
	Volume = {40},
	Year = {2015}}

@article{Neal:1993,
	Author = {Neal, Radford M},
	Date-Added = {2017-09-16 05:54:25 +0000},
	Date-Modified = {2017-09-16 05:54:30 +0000},
	Publisher = {Department of Computer Science, University of Toronto Toronto, Ontario, Canada},
	Title = {Probabilistic inference using Markov chain Monte Carlo methods},
	Year = {1993}}

@article{Neal:2003,
	Author = {Neal, Radford M},
	Date-Added = {2017-09-16 05:49:22 +0000},
	Date-Modified = {2017-09-16 05:49:28 +0000},
	Journal = {Annals of statistics},
	Pages = {705--741},
	Publisher = {JSTOR},
	Title = {Slice sampling},
	Year = {2003}}

@article{Neal:2011,
	Author = {Neal, Radford M and others},
	Date-Added = {2017-09-16 05:48:55 +0000},
	Date-Modified = {2017-09-16 05:49:01 +0000},
	Journal = {Handbook of Markov Chain Monte Carlo},
	Number = {11},
	Publisher = {CRC Press New York, NY},
	Title = {MCMC using Hamiltonian dynamics},
	Volume = {2},
	Year = {2011}}

@article{Neal:1994,
	Author = {Neal, Radford M},
	Date-Added = {2017-09-16 05:48:21 +0000},
	Date-Modified = {2017-09-16 05:48:27 +0000},
	Journal = {Journal of Computational Physics},
	Number = {1},
	Pages = {194--203},
	Publisher = {Elsevier},
	Title = {An improved acceptance procedure for the hybrid Monte Carlo algorithm},
	Volume = {111},
	Year = {1994}}

@article{Hoffman+others:2014,
	Author = {Hoffman, Matthew D and Gelman, Andrew},
	Date-Added = {2017-09-16 05:35:52 +0000},
	Date-Modified = {2017-09-16 05:36:02 +0000},
	Journal = {Journal of Machine Learning Research},
	Number = {1},
	Pages = {1593--1623},
	Title = {The No-U-turn sampler: adaptively setting path lengths in Hamiltonian Monte Carlo.},
	Volume = {15},
	Year = {2014}}

@inproceedings{Ahnert+others:2011,
	Author = {Ahnert, Karsten and Mulansky, Mario},
	Booktitle = {AIP Conference Proceedings},
	Date-Added = {2017-09-16 05:06:20 +0000},
	Date-Modified = {2017-09-16 05:06:33 +0000},
	Number = {1},
	Organization = {AIP},
	Pages = {1586--1589},
	Title = {Odeint--solving ordinary differential equations in C++},
	Volume = {1389},
	Year = {2011}}

@article{Dormand+others:1980,
	Author = {Dormand, John R and Prince, Peter J},
	Date-Added = {2017-09-16 05:02:52 +0000},
	Date-Modified = {2017-09-16 05:03:03 +0000},
	Journal = {Journal of computational and applied mathematics},
	Number = {1},
	Pages = {19--26},
	Publisher = {Elsevier},
	Title = {A family of embedded Runge-Kutta formulae},
	Volume = {6},
	Year = {1980}}

@article{Gelman:2006,
	Author = {Gelman, Andrew},
	Date-Added = {2017-09-15 23:25:57 +0000},
	Date-Modified = {2017-09-15 23:29:47 +0000},
	Journal = {Bayesian analysis},
	Number = {3},
	Pages = {515--534},
	Publisher = {International Society for Bayesian Analysis},
	Title = {Prior distributions for variance parameters in hierarchical models (comment on article by Browne and Draper)},
	Volume = {1},
	Year = {2006}}

@article{d,
	Date-Added = {2017-09-15 23:24:08 +0000},
	Date-Modified = {2017-09-15 23:25:10 +0000}}

@book{DeBoor:1978,
	Author = {De Boor, Carl},
	Date-Added = {2017-03-26 19:31:14 +0000},
	Date-Modified = {2017-03-26 19:31:45 +0000},
	Publisher = {Springer-Verlag New York},
	Title = {A practical guide to splines},
	Volume = {27},
	Year = {1978}}

@article{Phillips:1993,
	Author = {Phillips, Mark M},
	Date-Added = {2017-03-25 22:18:56 +0000},
	Date-Modified = {2017-03-25 22:19:01 +0000},
	Journal = {The Astrophysical Journal},
	Pages = {L105--L108},
	Title = {The absolute magnitudes of Type IA supernovae},
	Volume = {413},
	Year = {1993}}

@article{Phillips+others:1999,
	Author = {Phillips, MM and Lira, Paulina and Suntzeff, Nicholas B and Schommer, RA and Hamuy, Mario and Maza, Jos{\'e}},
	Date-Added = {2017-03-25 22:18:01 +0000},
	Date-Modified = {2017-03-25 22:18:18 +0000},
	Journal = {The Astronomical Journal},
	Number = {4},
	Pages = {1766},
	Publisher = {IOP Publishing},
	Title = {The reddening-free decline rate versus luminosity relationship for Type IA supernovae},
	Volume = {118},
	Year = {1999}}

@article{Kowalski+others:2008,
	Author = {Kowalski, Marek and Rubin, David and Aldering, Greg and Agostinho, RJ and Amadon, A and Amanullah, R and Balland, C and Barbary, K and Blanc, G and Challis, PJ and others},
	Date-Added = {2017-03-25 22:14:17 +0000},
	Date-Modified = {2017-03-25 22:14:25 +0000},
	Journal = {The Astrophysical Journal},
	Number = {2},
	Pages = {749},
	Publisher = {IOP Publishing},
	Title = {Improved cosmological constraints from new, old, and combined supernova data sets},
	Volume = {686},
	Year = {2008}}

@article{Wood-Vasey+others:2007,
	Author = {Wood-Vasey, W Michael and Miknaitis, Gajus and Stubbs, CW and Jha, Saurabh and Riess, AG and Garnavich, Peter M and Kirshner, Robert P and Aguilera, Claudio and Becker, Andrew C and Blackman, JW and others},
	Date-Added = {2017-03-25 22:13:39 +0000},
	Date-Modified = {2017-03-25 22:13:48 +0000},
	Journal = {The Astrophysical Journal},
	Number = {2},
	Pages = {694},
	Publisher = {IOP Publishing},
	Title = {Observational constraints on the nature of dark energy: first cosmological results from the essence supernova survey},
	Volume = {666},
	Year = {2007}}

@article{Kessler+others:2009,
	Author = {Kessler, Richard and Becker, Andrew and Cinabro, David and Vanderplas, Jake and Frieman, Joshua A and Marriner, John and Davis, Tamara M and Dilday, Benjamin and Holtzman, Jon and Jha, Saurabh and others},
	Date-Added = {2017-03-25 22:12:19 +0000},
	Date-Modified = {2017-03-25 22:12:26 +0000},
	Journal = {arXiv preprint arXiv:0908.4274},
	Title = {First-year Sloan Digital Sky Survey-II (SDSS-II) supernova results: Hubble diagram and cosmological parameters},
	Year = {2009}}

@article{Amanullah+others:2010,
	Author = {Amanullah, Rahman and Lidman, Chris and Rubin, D and Aldering, G and Astier, P and Barbary, K and Burns, MS and Conley, A and Dawson, KS and Deustua, SE and others},
	Date-Added = {2017-03-25 22:10:42 +0000},
	Date-Modified = {2017-03-25 22:10:52 +0000},
	Journal = {The Astrophysical Journal},
	Number = {1},
	Pages = {712},
	Publisher = {IOP Publishing},
	Title = {Spectra and Hubble Space Telescope light curves of six type Ia supernovae at 0.511< z< 1.12 and the Union2 compilation},
	Volume = {716},
	Year = {2010}}

@article{Contreras+others:2010,
	Author = {Contreras, Carlos and Hamuy, Mario and Phillips, MM and Folatelli, Gast{\'o}n and Suntzeff, Nicholas B and Persson, SE and Stritzinger, Maximilian and Boldt, Luis and Gonz{\'a}lez, Sergio and Krzeminski, Wojtek and others},
	Date-Added = {2017-03-25 22:10:06 +0000},
	Date-Modified = {2017-03-25 22:10:12 +0000},
	Journal = {The Astronomical Journal},
	Number = {2},
	Pages = {519},
	Publisher = {IOP Publishing},
	Title = {The Carnegie Supernova Project: first photometry data release of low-redshift type Ia supernovae},
	Volume = {139},
	Year = {2010}}

@article{Suzuki+others:2012,
	Author = {Suzuki, N and Rubin, D and Lidman, C and Aldering, G and Amanullah, R and Barbary, K and Barrientos, LF and Botyanszki, J and Brodwin, M and Connolly, N and others},
	Date-Added = {2017-03-25 22:09:19 +0000},
	Date-Modified = {2017-03-25 22:09:30 +0000},
	Journal = {The Astrophysical Journal},
	Number = {1},
	Pages = {85},
	Publisher = {IOP Publishing},
	Title = {The Hubble Space Telescope Cluster Supernova Survey. V. Improving the dark-energy constraints above z> 1 and building an early-type-hosted supernova sample},
	Volume = {746},
	Year = {2012}}

@article{Rest+others:2014,
	Author = {Rest, Armin and Scolnic, D and Foley, RJ and Huber, ME and Chornock, R and Narayan, G and Tonry, JL and Berger, Edo and Soderberg, Alicia M and Stubbs, Christopher William and others},
	Date-Added = {2017-03-25 22:08:43 +0000},
	Date-Modified = {2017-03-25 22:08:49 +0000},
	Journal = {The Astrophysical Journal},
	Number = {1},
	Pages = {44},
	Publisher = {IOP Publishing},
	Title = {Cosmological constraints from measurements of type Ia supernovae discovered during the first 1.5 yr of the Pan-STARRS1 survey},
	Volume = {795},
	Year = {2014}}

@article{Mannucci+others:2006,
	Author = {Mannucci, Filippo and Della Valle, M and Panagia, N},
	Date-Added = {2017-03-25 22:07:08 +0000},
	Date-Modified = {2017-03-25 22:07:17 +0000},
	Journal = {Monthly Notices of the Royal Astronomical Society},
	Number = {2},
	Pages = {773--783},
	Publisher = {Oxford University Press},
	Title = {Two populations of progenitors for Type Ia supernovae?},
	Volume = {370},
	Year = {2006}}

@article{Schaefer+Pagnotta:2012,
	Author = {Schaefer, Bradley E and Pagnotta, Ashley},
	Date-Added = {2017-03-25 22:06:16 +0000},
	Date-Modified = {2017-03-25 22:06:26 +0000},
	Journal = {Nature},
	Number = {7380},
	Pages = {164--166},
	Publisher = {Nature Publishing Group},
	Title = {An absence of ex-companion stars in the type Ia supernova remnant SNR 0509-67.5},
	Volume = {481},
	Year = {2012}}

@article{Voss+Nelemans:2008,
	Author = {Voss, Rasmus and Nelemans, Gijs},
	Date-Added = {2017-03-25 22:05:20 +0000},
	Date-Modified = {2017-03-25 22:05:30 +0000},
	Journal = {Nature},
	Number = {7180},
	Pages = {802--804},
	Publisher = {Nature Publishing Group},
	Title = {Discovery of the progenitor of the type Ia supernova 2007on},
	Volume = {451},
	Year = {2008}}

@article{Li+others:2011a,
	Author = {Li, Weidong and Bloom, Joshua S and Podsiadlowski, Philipp and Miller, Adam A and Cenko, S Bradley and Jha, Saurabh W and Sullivan, Mark and Howell, D Andrew and Nugent, Peter E and Butler, Nathaniel R and others},
	Date-Added = {2017-03-25 22:04:12 +0000},
	Date-Modified = {2017-03-25 22:04:18 +0000},
	Journal = {Nature},
	Number = {7377},
	Pages = {348--350},
	Publisher = {Nature Publishing Group},
	Title = {Exclusion of a luminous red giant as a companion star to the progenitor of supernova SN 2011fe},
	Volume = {480},
	Year = {2011}}

@article{Li+others:2011b,
	Author = {Li, Weidong and Leaman, Jesse and Chornock, Ryan and Filippenko, Alexei V and Poznanski, Dovi and Ganeshalingam, Mohan and Wang, Xiaofeng and Modjaz, Maryam and Jha, Saurabh and Foley, Ryan J and others},
	Date-Added = {2017-03-25 22:03:02 +0000},
	Date-Modified = {2017-03-25 22:04:24 +0000},
	Journal = {Monthly Notices of the Royal Astronomical Society},
	Number = {3},
	Pages = {1441--1472},
	Publisher = {Oxford University Press},
	Title = {Nearby supernova rates from the Lick Observatory Supernova Search--II. The observed luminosity functions and fractions of supernovae in a complete sample},
	Volume = {412},
	Year = {2011}}

@article{Kelly+others:2015,
	Author = {Kelly, Patrick L and Filippenko, Alexei V and Burke, David L and Hicken, Malcolm and Ganeshalingam, Mohan and Zheng, WeiKang},
	Date-Added = {2017-03-25 22:02:02 +0000},
	Date-Modified = {2017-03-25 22:02:07 +0000},
	Journal = {Science},
	Number = {6229},
	Pages = {1459--1462},
	Publisher = {American Association for the Advancement of Science},
	Title = {Distances with< 4\% precision from type Ia supernovae in young star-forming environments},
	Volume = {347},
	Year = {2015}}

@article{Jha+others:2007,
	Author = {Jha, Saurabh and Riess, Adam G and Kirshner, Robert P},
	Date-Added = {2017-03-25 22:01:10 +0000},
	Date-Modified = {2017-03-25 22:01:18 +0000},
	Journal = {The Astrophysical Journal},
	Number = {1},
	Pages = {122},
	Publisher = {IOP Publishing},
	Title = {Improved distances to type Ia supernovae with multicolor light-curve shapes: MLCS2k2},
	Volume = {659},
	Year = {2007}}

@article{Guy+others:2005,
	Author = {Guy, Julien and Astier, P and Nobili, S and Regnault, N and Pain, R},
	Date-Added = {2017-03-25 22:00:32 +0000},
	Date-Modified = {2017-03-25 22:00:36 +0000},
	Journal = {Astronomy \& Astrophysics},
	Number = {3},
	Pages = {781--791},
	Publisher = {EDP Sciences},
	Title = {SALT: a spectral adaptive light curve template for type Ia supernovae},
	Volume = {443},
	Year = {2005}}

@article{Guy+others:2007,
	Author = {Guy, Julien and Astier, P and Baumont, S and Hardin, D and Pain, R and Regnault, N and Basa, S and Carlberg, RG and Conley, A and Fabbro, S and others},
	Date-Added = {2017-03-25 21:59:46 +0000},
	Date-Modified = {2017-03-25 21:59:55 +0000},
	Journal = {Astronomy \& Astrophysics},
	Number = {1},
	Pages = {11--21},
	Publisher = {EDP Sciences},
	Title = {SALT2: using distant supernovae to improve the use of type Ia supernovae as distance indicators},
	Volume = {466},
	Year = {2007}}

@article{Mandel+others:2011,
	Author = {Mandel, Kaisey S and Narayan, Gautham and Kirshner, Robert P},
	Date-Added = {2017-03-25 21:58:08 +0000},
	Date-Modified = {2017-03-25 21:58:14 +0000},
	Journal = {The Astrophysical Journal},
	Number = {2},
	Pages = {120},
	Publisher = {IOP Publishing},
	Title = {Type Ia supernova light curve inference: Hierarchical models in the optical and near-infrared},
	Volume = {731},
	Year = {2011}}

@article{Mandel+others:2009,
	Author = {Mandel, Kaisey S and Wood-Vasey, W Michael and Friedman, Andrew S and Kirshner, Robert P},
	Date-Added = {2017-03-25 21:57:24 +0000},
	Date-Modified = {2017-03-25 21:57:29 +0000},
	Journal = {The Astrophysical Journal},
	Number = {1},
	Pages = {629},
	Publisher = {IOP Publishing},
	Title = {Type Ia supernova light-curve inference: Hierarchical Bayesian analysis in the near-infrared},
	Volume = {704},
	Year = {2009}}

@article{Nielson+others:2016,
	Author = {Nielsen, Jeppe Tr{\o}st and Guffanti, Alberto and Sarkar, Subir},
	Date-Added = {2017-03-25 21:56:26 +0000},
	Date-Modified = {2017-03-25 21:56:32 +0000},
	Journal = {Scientific reports},
	Publisher = {Nature Publishing Group},
	Title = {Marginal evidence for cosmic acceleration from Type Ia supernovae},
	Volume = {6},
	Year = {2016}}

@article{Nugent+others:2011,
	Author = {Nugent, Peter E and Sullivan, Mark and Cenko, S Bradley and Thomas, Rollin C and Kasen, Daniel and Howell, D Andrew and Bersier, David and Bloom, Joshua S and Kulkarni, SR and Kandrashoff, Michael T and others},
	Date-Added = {2017-03-25 21:54:44 +0000},
	Date-Modified = {2017-03-25 21:54:49 +0000},
	Journal = {Nature},
	Number = {7377},
	Pages = {344--347},
	Publisher = {Nature Publishing Group},
	Title = {Supernova SN 2011fe from an exploding carbon-oxygen white dwarf star},
	Volume = {480},
	Year = {2011}}

@article{Riess+others:1996,
	Author = {Riess, Adam G and Press, William H and Kirshner, Robert P},
	Date-Added = {2017-03-25 21:53:55 +0000},
	Date-Modified = {2017-03-25 21:54:02 +0000},
	Journal = {The Astrophysical Journal},
	Number = {1},
	Pages = {88},
	Publisher = {IOP Publishing},
	Title = {A precise distance indicator: Type Ia supernova multicolor light-curve shapes},
	Volume = {473},
	Year = {1996}}

@article{Rubin+others:2015,
	Author = {Rubin, David and Aldering, Greg and Barbary, Kyle and Boone, Kyle and Chappell, Greta and Currie, Miles and Deustua, Susana and Fagrelius, Parker and Fruchter, Andrew and Hayden, Brian and others},
	Date-Added = {2017-03-25 21:51:28 +0000},
	Date-Modified = {2017-03-25 21:51:37 +0000},
	Journal = {The Astrophysical Journal},
	Number = {2},
	Pages = {137},
	Publisher = {IOP Publishing},
	Title = {UNITY: Confronting Supernova Cosmology's Statistical and Systematic Uncertainties in a Unified Bayesian Framework},
	Volume = {813},
	Year = {2015}}

@article{March+others:2014,
	Author = {March, MC and Karpenka, Natallia V and Feroz, F and Hobson, MP},
	Date-Added = {2017-03-25 21:48:05 +0000},
	Date-Modified = {2017-03-25 21:48:14 +0000},
	Journal = {Monthly Notices of the Royal Astronomical Society},
	Number = {4},
	Pages = {3298--3311},
	Publisher = {Oxford University Press},
	Title = {Comparison of cosmological parameter inference methods applied to supernovae light curves fitted with salt-ii},
	Volume = {437},
	Year = {2014}}

@article{March+others:2011,
	Author = {March, MC and Trotta, R and Berkes, P and Starkman, GD and Vaudrevange, PM},
	Date-Added = {2017-03-25 21:46:28 +0000},
	Date-Modified = {2017-03-25 21:46:34 +0000},
	Journal = {Monthly Notices of the Royal Astronomical Society},
	Number = {4},
	Pages = {2308--2329},
	Publisher = {Oxford University Press},
	Title = {Improved constraints on cosmological parameters from Type Ia supernova data},
	Volume = {418},
	Year = {2011}}

@article{Betoule+others:2014,
	Author = {Betoule, M and Kessler, R and Guy, J and Mosher, J and Hardin, D and Biswas, R and Astier, P and El-Hage, P and Konig, M and Kuhlmann, S and others},
	Date-Added = {2017-03-25 21:44:08 +0000},
	Date-Modified = {2017-03-25 21:44:20 +0000},
	Journal = {Astronomy \& Astrophysics},
	Pages = {A22},
	Publisher = {EDP Sciences},
	Title = {Improved cosmological constraints from a joint analysis of the SDSS-II and SNLS supernova samples},
	Volume = {568},
	Year = {2014}}

@article{Perlmutter+others:1999,
	Author = {Perlmutter, Saul and Aldering, G and Goldhaber, G and Knop, RA and Nugent, P and Castro, PG and Deustua, S and Fabbro, S and Goobar, A and Groom, DE and others},
	Date-Added = {2017-03-25 21:11:02 +0000},
	Date-Modified = {2017-03-25 21:11:14 +0000},
	Journal = {The Astrophysical Journal},
	Number = {2},
	Pages = {565},
	Publisher = {IOP Publishing},
	Title = {Measurements of $\Omega$ and $\Lambda$ from 42 high-redshift supernovae},
	Volume = {517},
	Year = {1999}}

@article{Riess+others:1998,
	Author = {Riess, Adam G and Filippenko, Alexei V and Challis, Peter and Clocchiatti, Alejandro and Diercks, Alan and Garnavich, Peter M and Gilliland, Ron L and Hogan, Craig J and Jha, Saurabh and Kirshner, Robert P and others},
	Date-Added = {2017-03-25 21:09:46 +0000},
	Date-Modified = {2017-03-25 21:09:54 +0000},
	Journal = {The Astronomical Journal},
	Number = {3},
	Pages = {1009},
	Publisher = {IOP Publishing},
	Title = {Observational evidence from supernovae for an accelerating universe and a cosmological constant},
	Volume = {116},
	Year = {1998}}

@article{Shariff+others:2016,
	Author = {Shariff, Hikmatali and Jiao, Xiyun and Trotta, Roberto and van Dyk, David A},
	Date-Added = {2017-03-25 21:02:02 +0000},
	Date-Modified = {2017-03-25 21:02:09 +0000},
	Journal = {The Astrophysical Journal},
	Number = {1},
	Pages = {1},
	Publisher = {IOP Publishing},
	Title = {BAHAMAS: New Analysis of Type Ia Supernovae Reveals Inconsistencies with Standard Cosmology},
	Volume = {827},
	Year = {2016}}

@article{McPherson+others:2001,
	Author = {McPherson, Miller and Smith-Lovin, Lynn and Cook, James M},
	Date-Added = {2017-03-25 20:42:22 +0000},
	Date-Modified = {2017-03-25 20:42:35 +0000},
	Journal = {Annual review of sociology},
	Number = {1},
	Pages = {415--444},
	Publisher = {Annual Reviews 4139 El Camino Way, PO Box 10139, Palo Alto, CA 94303-0139, USA},
	Title = {Birds of a feather: Homophily in social networks},
	Volume = {27},
	Year = {2001}}

@article{Shelley+others:2006,
	Author = {Shelley, Gene A and Killworth, Peter D and Bernard, H Russell and McCarty, Christopher and Johnsen, Eugene C and Rice, Ronald E},
	Date-Added = {2017-03-25 20:40:37 +0000},
	Date-Modified = {2017-03-25 20:40:45 +0000},
	Journal = {Human Organization},
	Number = {4},
	Pages = {430--444},
	Publisher = {Society for Applied Anthropology},
	Title = {Who knows your HIV status II?: Information propagation within social networks of seropositive people},
	Volume = {65},
	Year = {2006}}

@article{Laumann:1969,
	Author = {Laumann, Edward O},
	Date-Added = {2017-03-25 20:39:09 +0000},
	Date-Modified = {2017-03-25 20:39:17 +0000},
	Journal = {Sociometry},
	Pages = {54--69},
	Publisher = {JSTOR},
	Title = {Friends of urban men: An assessment of accuracy in reporting their socioeconomic attributes, mutual choice, and attitude agreement},
	Year = {1969}}

@article{McCormick+others:2010,
	Author = {McCormick, Tyler H and Salganik, Matthew J and Zheng, Tian},
	Date-Added = {2017-03-25 20:32:14 +0000},
	Date-Modified = {2017-03-25 20:32:22 +0000},
	Journal = {Journal of the American Statistical Association},
	Number = {489},
	Pages = {59--70},
	Publisher = {Taylor \& Francis},
	Title = {How many people do you know?: Efficiently estimating personal network size},
	Volume = {105},
	Year = {2010}}

@article{Zheng+others:2006,
	Author = {Zheng, Tian and Salganik, Matthew J and Gelman, Andrew},
	Date-Added = {2017-03-25 20:26:46 +0000},
	Date-Modified = {2017-03-25 20:26:53 +0000},
	Journal = {Journal of the American Statistical Association},
	Number = {474},
	Pages = {409--423},
	Publisher = {Taylor \& Francis},
	Title = {How many people do you know in prison? Using overdispersion in count data to estimate social structure in networks},
	Volume = {101},
	Year = {2006}}

@article{Killworth+others:2003,
	Author = {Killworth, Peter D and McCarty, Christopher and Bernard, H Russell and Johnsen, Eugene C and Domini, John and Shelley, Gene A},
	Date-Added = {2017-03-25 20:21:17 +0000},
	Date-Modified = {2017-03-25 20:21:25 +0000},
	Journal = {Social networks},
	Number = {2},
	Pages = {141--160},
	Publisher = {Elsevier},
	Title = {Two interpretations of reports of knowledge of subpopulation sizes},
	Volume = {25},
	Year = {2003}}

@article{Killworth+others:1990,
	Author = {Killworth, Peter D and Johnsen, Eugene C and Bernard, H Russell and Shelley, Gene Ann and McCarty, Christopher},
	Date-Added = {2017-03-25 20:18:17 +0000},
	Date-Modified = {2017-03-25 20:18:37 +0000},
	Journal = {Social Networks},
	Number = {4},
	Pages = {289--312},
	Publisher = {Elsevier},
	Title = {Estimating the size of personal networks},
	Volume = {12},
	Year = {1990}}

@article{Freeman+Thompson:1989,
	Author = {Freeman, Linton C and Thompson, Claire R},
	Date-Added = {2017-03-25 20:14:36 +0000},
	Date-Modified = {2017-03-25 20:15:42 +0000},
	Journal = {The small world},
	Pages = {147--158},
	Publisher = {Ablex Norwood, NJ},
	Title = {Estimating acquaintanceship volume},
	Year = {1989}}

@article{Mossong+others:2008,
	Author = {Mossong, Jo{\"e}l and Hens, Niel and Jit, Mark and Beutels, Philippe and Auranen, Kari and Mikolajczyk, Rafael and Massari, Marco and Salmaso, Stefania and Tomba, Gianpaolo Scalia and Wallinga, Jacco and others},
	Date-Added = {2017-03-25 20:12:32 +0000},
	Date-Modified = {2017-03-25 20:12:42 +0000},
	Journal = {PLoS Med},
	Number = {3},
	Pages = {e74},
	Publisher = {Public Library of Science},
	Title = {Social contacts and mixing patterns relevant to the spread of infectious diseases},
	Volume = {5},
	Year = {2008}}

@article{Fu:2007,
	Author = {Fu, Yang-chih},
	Date-Added = {2017-03-25 20:11:42 +0000},
	Date-Modified = {2017-03-25 20:11:53 +0000},
	Journal = {Field methods},
	Number = {2},
	Pages = {194--217},
	Publisher = {Sage Publications Sage CA: Los Angeles, CA},
	Title = {Contact diaries: building archives of actual and comprehensive personal networks},
	Volume = {19},
	Year = {2007}}

@phdthesis{Gurevitch:1961,
	Author = {Gurevitch, Michael},
	Date-Added = {2017-03-25 20:11:03 +0000},
	Date-Modified = {2017-03-25 20:11:12 +0000},
	School = {Massachusetts Institute of Technology},
	Title = {The social structure of acquaintanceship networks},
	Year = {1961}}

@article{Bernard+others:1990,
	Author = {Bernard, H Russell and Johnsen, Eugene C and Killworth, Peter D and McCarty, Christopher and Shelley, Gene A and Robinson, Scott},
	Date-Added = {2017-03-25 20:07:47 +0000},
	Date-Modified = {2017-03-25 20:11:03 +0000},
	Journal = {Social networks},
	Number = {3},
	Pages = {179--215},
	Publisher = {Elsevier},
	Title = {Comparing four different methods for measuring personal social networks},
	Volume = {12},
	Year = {1990}}

@article{Killworth+others:1984,
	Author = {Killworth, Peter D and Bernard, H Russell and McCarty, Christopher and Doreian, Patrick and Goldenberg, Sheldon and Underwood, Cliff and Harries-Jones, Peter and Keesing, RM and Skvoretz, John and Wemegah, Monica Von Sury},
	Date-Added = {2017-03-25 20:06:05 +0000},
	Date-Modified = {2017-03-25 20:06:14 +0000},
	Journal = {Current Anthropology},
	Number = {4},
	Pages = {381--397},
	Publisher = {University of Chicago Press},
	Title = {Measuring Patterns of Acquaintanceship [and Comments and Reply]},
	Volume = {25},
	Year = {1984}}

@article{Killworth+Bernard:1978,
	Author = {Killworth, Peter D and Bernard, H Russell},
	Date-Added = {2017-03-25 20:00:17 +0000},
	Date-Modified = {2017-03-25 20:00:25 +0000},
	Journal = {Social networks},
	Number = {2},
	Pages = {159--192},
	Publisher = {Elsevier},
	Title = {The reversal small-world experiment},
	Volume = {1},
	Year = {1978}}

@article{Butts:2003,
	Author = {Butts, Carter T},
	Date-Added = {2017-03-25 19:59:18 +0000},
	Date-Modified = {2017-03-25 19:59:23 +0000},
	Journal = {social networks},
	Number = {2},
	Pages = {103--140},
	Publisher = {Elsevier},
	Title = {Network inference, error, and informant (in) accuracy: a Bayesian approach},
	Volume = {25},
	Year = {2003}}

@article{Brewer:2000,
	Author = {Brewer, Devon D},
	Date-Added = {2017-03-25 19:57:33 +0000},
	Date-Modified = {2017-03-25 19:57:38 +0000},
	Journal = {Social networks},
	Number = {1},
	Pages = {29--43},
	Publisher = {Elsevier},
	Title = {Forgetting in the recall-based elicitation of personal and social networks},
	Volume = {22},
	Year = {2000}}

@article{Bernard+others:1984,
	Author = {Bernard, H Russell and Killworth, Peter and Kronenfeld, David and Sailer, Lee},
	Date-Added = {2017-03-25 19:56:41 +0000},
	Date-Modified = {2017-03-25 19:56:48 +0000},
	Journal = {Annual review of anthropology},
	Number = {1},
	Pages = {495--517},
	Publisher = {Annual Reviews 4139 El Camino Way, PO Box 10139, Palo Alto, CA 94303-0139, USA},
	Title = {The problem of informant accuracy: The validity of retrospective data},
	Volume = {13},
	Year = {1984}}

@article{Killworth+Bernard:1976,
	Author = {Killworth, Peter and Bernard, H},
	Date-Added = {2017-03-25 19:56:05 +0000},
	Date-Modified = {2017-03-25 19:56:13 +0000},
	Journal = {Human Organization},
	Number = {3},
	Pages = {269--286},
	Publisher = {Society for Applied Anthropology},
	Title = {Informant accuracy in social network data},
	Volume = {35},
	Year = {1976}}

@article{McCarty+others:2001,
	Author = {McCarty, Christopher and Killworth, Peter D and Bernard, H Russell and Johnsen, Eugene C and Shelley, Gene A},
	Date-Added = {2017-03-25 19:47:10 +0000},
	Date-Modified = {2017-03-25 19:47:17 +0000},
	Journal = {Human organization},
	Number = {1},
	Pages = {28--39},
	Publisher = {Society for Applied Anthropology},
	Title = {Comparing two methods for estimating network size},
	Volume = {60},
	Year = {2001}}

@article{Killworth+others:1998,
	Author = {Killworth, Peter D and Johnsen, Eugene C and McCarty, Christopher and Shelley, Gene Ann and Bernard, H Russell},
	Date-Added = {2017-03-25 19:46:18 +0000},
	Date-Modified = {2017-03-25 19:46:25 +0000},
	Journal = {Social networks},
	Number = {1},
	Pages = {23--50},
	Publisher = {Elsevier},
	Title = {A social network approach to estimating seroprevalence in the United States},
	Volume = {20},
	Year = {1998}}

@book{Conley:2004,
	Author = {Conley, Dalton},
	Date-Added = {2017-03-25 19:44:45 +0000},
	Date-Modified = {2017-03-25 19:44:50 +0000},
	Publisher = {Pantheon},
	Title = {The pecking order: Which siblings succeed and why},
	Year = {2004}}

@article{Barton:1968,
	Author = {Barton, Allen H},
	Date-Added = {2017-03-25 19:43:55 +0000},
	Date-Modified = {2017-03-25 19:44:01 +0000},
	Journal = {American Behavioral Scientist},
	Number = {2},
	Pages = {1--9},
	Publisher = {Sage Publications Sage CA: Thousand Oaks, CA},
	Title = {Survey research and macro-methodology},
	Volume = {12},
	Year = {1968}}

@article{Killworth+others:2006,
	Author = {Killworth, Peter D and McCarty, Christopher and Johnsen, Eugene C and Bernard, H Russell and Shelley, Gene A},
	Date-Added = {2017-03-25 19:42:24 +0000},
	Date-Modified = {2017-03-25 19:42:33 +0000},
	Journal = {Sociological Methods \& Research},
	Number = {1},
	Pages = {84--112},
	Publisher = {Sage Publications Sage CA: Thousand Oaks, CA},
	Title = {Investigating the variation of personal network size under unknown error conditions},
	Volume = {35},
	Year = {2006}}

@article{Santos+others:2006,
	Author = {Santos, Francisco C and Pacheco, Jorge M and Lenaerts, Tom},
	Date-Added = {2017-03-25 19:41:01 +0000},
	Date-Modified = {2017-03-25 19:41:11 +0000},
	Journal = {Proceedings of the National Academy of Sciences of the United States of America},
	Number = {9},
	Pages = {3490--3494},
	Publisher = {National Acad Sciences},
	Title = {Evolutionary dynamics of social dilemmas in structured heterogeneous populations},
	Volume = {103},
	Year = {2006}}

@article{Pastor+Vespignani:2001,
	Author = {Pastor-Satorras, Romualdo and Vespignani, Alessandro},
	Date-Added = {2017-03-25 19:39:33 +0000},
	Date-Modified = {2017-03-25 19:39:50 +0000},
	Journal = {Physical review letters},
	Number = {14},
	Pages = {3200},
	Publisher = {APS},
	Title = {Epidemic spreading in scale-free networks},
	Volume = {86},
	Year = {2001}}

@misc{Barabasi:2003,
	Author = {Barab{\'a}si, Albert-L{\'a}szl{\'o}},
	Date-Added = {2017-03-25 19:36:37 +0000},
	Date-Modified = {2017-03-25 19:36:53 +0000},
	Publisher = {AAPT},
	Title = {Linked: The new science of networks},
	Year = {2003}}

@article{Pool+Kochen:1978,
	Author = {de Sola Pool, Ithiel and Kochen, Manfred},
	Date-Added = {2017-03-25 19:20:22 +0000},
	Date-Modified = {2017-03-25 19:20:39 +0000},
	Journal = {Social networks},
	Number = {1},
	Pages = {5--51},
	Publisher = {Elsevier},
	Title = {Contacts and influence},
	Volume = {1},
	Year = {1978}}

@article{Hamden+others:2013,
	Author = {Erika T. Hamden and David Schiminovich and Mark Seibert},
	Date-Added = {2017-01-18 02:17:02 +0000},
	Date-Modified = {2017-01-18 02:20:12 +0000},
	Journal = {The Astrophysical Journal},
	Month = {December},
	Number = {180},
	Pages = {15},
	Title = {The diffuse galactic far-ultraviolet sky},
	Volume = {779},
	Year = {2013}}

@article{Gelman+others:2017:supplement,
	Author = {Andrew Gelman and Aki Vehtari and Pasi Jyl{\"a}nki and Tuomas Sivula and Dustin Tran and Swupnil Sahai and Paul Blomstedt and John P. Cunningham and David Schiminovich and Christian Robert},
	Date-Modified = {2017-05-10 19:20:44 +0000},
	Title = {Implementations of expectation propagation for partitioned data},
	Year = 2017,
	Bdsk-Url-1 = {http://dx.doi.org/???}}

@article{Gelman+others:2017,
	Author = {Andrew Gelman and Aki Vehtari and Pasi Jyl{\"a}nki and Tuomas Sivula and Dustin Tran and Swupnil Sahai and Paul Blomstedt and John P. Cunningham and David Schiminovich and Christian Robert},
	Date-Modified = {2017-05-10 19:20:30 +0000},
	Title = {Expectation propagation as a way of life: A framework for Bayesian inference on partitioned data},
	Year = 2017,
	Bdsk-Url-1 = {http://dx.doi.org/???}}

@inproceedings{Ahn+others:2012,
	Author = {Ahn, S. and Korattikara, A. and Welling, M.},
	Booktitle = {Proceedings of the 29th International Conference on Machine Learning},
	Title = {Bayesian posterior sampling via stochastic gradient {F}isher scoring.},
	Year = 2012}

@inproceedings{Minka+Lafferty:2002,
	Author = {Thomas P. Minka and John Lafferty},
	Booktitle = {Proceedings of the 18th Conference on Uncertainty in Artificial Intelligence (UAI-2002)},
	Pages = {352--359},
	Publisher = {Morgan Kaufmann, San Francisco, CA},
	Title = {Expectation-Propagation for the Generative Aspect Model},
	Year = {2002}}

@article{Vehtari+Gelman+Gabry:2016-PSIS,
	Author = {Aki Vehtari and Andrew Gelman and Jonah Gabry},
	Journal = {arXiv:1507.02646},
	Title = {Pareto Smoothed Importance Sampling},
	Year = 2016}

@article{Barthelme+Chopin:2014,
	Author = {Barthelm\'e, S. and Chopin, N.},
	Journal = {Journal of the American Statistical Association},
	Pages = {315--333},
	Title = {Expectation propagation for likelihood-free inference.},
	Volume = 109,
	Year = 2014}

@inproceedings{Betancourt:2013,
	Address = {Berlin, Heidelberg},
	Author = {Michael Betancourt},
	Booktitle = {Geometric Science of Information - First International Conference},
	Editor = {Nielsen, Frank and Barbaresco, Fr{\'e}d{\'e}ric},
	Pages = {327--334},
	Publisher = {Springer},
	Title = {A general metric for {R}iemannian manifold {H}amiltonian {M}onte {C}arlo},
	Year = {2013}}

@article{Betancourt:2014,
	Author = {Michael Betancourt},
	Journal = {arXiv preprint arXiv:1405.3489},
	Title = {Adiabatic {M}onte {C}arlo},
	Year = {2014}}

@article{Bodnar+Gupta:2011,
	Author = {Bodnar, T. and Gupta, A. K.},
	Journal = {Statistics},
	Number = {2},
	Pages = {131--142},
	Title = {Estimation of the precision matrix of a multivariate elliptically contoured stable distribution},
	Volume = {45},
	Year = {2011}}

@article{Bodnar+others:2014,
	Author = {Bodnar, T. and Gupta, A. K. and Parolya, N.},
	Journal = {arXiv preprint arXiv:1308.0931},
	Title = {Optimal linear shrinkage estimator for large dimensional precision matrix},
	Year = {2014}}

@article{Chib:1995,
	Author = {Chib, Siddhartha},
	Journal = {Journal of the American Statistical Association},
	Number = {432},
	Pages = {1313--1321},
	Title = {Marginal Likelihood from the {G}ibbs Output},
	Volume = {90},
	Year = {1995}}

@article{Cornuet+others:2012,
	Author = {Cornuet, J. M. and Marin, J. M. and Mira, A. and Robert, C. P.},
	Journal = {Scandinavian Journal of Statistics},
	Number = {4},
	Pages = {798--812},
	Title = {Adaptive multiple importance sampling},
	Volume = {39},
	Year = {2012}}

@article{Cseke+Heskes:2011,
	Author = {Botond Cseke and Tom Heskes},
	Journal = {Journal of Machine Learning Research},
	Pages = {417--454},
	Title = {Approximate Marginals in Latent Gaussian Models},
	Volume = {12},
	Year = {2011}}

@article{Cunningham+others:2011,
	Author = {Cunningham, J. P. and Hennig, P. and Lacoste-Julien, S.},
	Journal = {arXiv preprint arXiv:1111.6832},
	Title = {Gaussian probabilities and expectation propagation},
	Year = {2011}}

@article{DelMoral+others:2006,
	Author = {Del Moral, Pierre and Doucet, Arnaud and Jasra, Ajay},
	Journal = {Journal of the Royal Statistical Society B},
	Number = {3},
	Pages = {411--436},
	Title = {{Sequential Monte Carlo samplers}},
	Volume = {68},
	Year = {2006}}

@article{Dominici+others:1999,
	Author = {Francesca Dominici and Giovanni Parmigiani and Robert L. Wolpert and Vic Hasselblad},
	Journal = {Journal of the American Statistical Association},
	Number = {445},
	Pages = {16--28},
	Publisher = {[American Statistical Association, Taylor & Francis, Ltd.]},
	Title = {Meta-analysis of migraine headache treatments: Combining information from heterogeneous designs},
	Volume = {94},
	Year = {1999}}

@article{Dwork+Roth:2014,
	Author = {Dwork, Cynthia and Roth, Aaron},
	Issue_Date = {August 2014},
	Journal = {Found. Trends Theor. Comput. Sci.},
	Number = {3--4},
	Pages = {211--407},
	Title = {The algorithmic foundations of differential privacy},
	Volume = {9},
	Year = {2014}}

@article{Friedman+others:2008,
	Author = {Friedman, Jerome and Hastie, Trevor and Tibshirani, Robert},
	Journal = {Biostatistics},
	Number = {3},
	Pages = {432--441},
	Title = {{Sparse inverse covariance estimation with the graphical lasso}},
	Volume = {9},
	Year = {2008}}

@article{Gelman+others:1996,
	Author = {Gelman, A. and Bois, F. Y. and Jiang, J.},
	Journal = {Journal of the American Statistical Association},
	Pages = {1400--1412},
	Title = {Physiological pharmacokinetic analysis using population modeling and informative prior distributions.},
	Volume = 91,
	Year = 1996}

@techreport{Gelman+others:2014,
	Author = {Gelman, A. and Carpenter, B. and Betancourt, M. and Brubaker, M. and Vehtari, A.},
	Institution = {Department of Statistics, Columbia University},
	Title = {Computationally efficient maximum likelihood, penalized maximum likelihood, and hierarchical modeling using {S}tan.},
	Type = {Technical report},
	Year = {2014}}

@article{Gelman+others:2014b,
	Author = {Andrew Gelman and Aki Vehtari and Pasi Jyl{\"a}nki and Christian Robert and Nicolas Chopin and John P. Cunningham},
	Journal = {arXiv preprint arXiv:1412.4869},
	Title = {Expectation propagation as a way of life},
	Year = {2014}}

@article{Gelman+others:2008,
	Author = {Gelman, A.and Jakulin, A. and Pittau, M. G. and Su, Y. S.},
	Journal = {Annals of Applied Statistics},
	Pages = {1360--1383},
	Title = {A weakly informative default prior distribution for logistic and other regression models.},
	Volume = 2,
	Year = 2008}

@inproceedings{Gershman+others:2012,
	Author = {Samuel Gershman and Matthew D. Hoffman and David M. Blei},
	Booktitle = {Proceedings of the 29th International Conference on Machine Learning, {ICML} 2012, Edinburgh, Scotland, UK, June 26 - July 1, 2012},
	Title = {Nonparametric variational inference},
	Year = {2012}}

@article{Geweke:1989,
	Author = {Geweke, John},
	Journal = {Econometrica},
	Number = {6},
	Pages = {1317--1339},
	Title = {{Bayesian inference in econometric models using Monte Carlo integration}},
	Volume = {57},
	Year = {1989}}

@inproceedings{Girolami+others:2006,
	Author = {Mark A. Girolami and Mingjun Zhong},
	Booktitle = {Advances in Neural Information Processing Systems 19, Proceedings of the Twentieth Annual Conference on Neural Information Processing Systems, Vancouver, British Columbia, Canada, December 4-7, 2006},
	Editor = {Bernhard Sch{\"{o}}lkopf and John C. Platt and Thomas Hofmann},
	Pages = {465--472},
	Title = {Data Integration for Classification Problems Employing Gaussian Process Priors},
	Year = {2006}}

@book{Gupta+others:2013,
	Address = {New York},
	Author = {Gupta, A. K. and Varga, T. and Bodnar, T.},
	Edition = 2,
	Publisher = {Springer-Verlag},
	Title = {Elliptically Contoured Models in Statistics and Portfolio Theory},
	Year = 2013}

@inproceedings{Hernandez:2016,
	Author = {Hern{\'a}ndez-Lobato, J. M. and Li, Y. and Rowland, M. and Bui, T. D. and Hern{\'a}ndez-Lobato, D. and Turner, R. E.},
	Booktitle = {Proceedings of the 33rd International Conference on Machine Learning, {ICML} 2016},
	Title = {Black-box $\alpha$-divergence minimization},
	Year = {2016}}

@inproceedings{Heskes+Zoeter:2002,
	Address = {San Francisco, CA, USA},
	Author = {Heskes, Tom and Zoeter, Onno},
	Booktitle = {Proceedings of the Eighteenth Conference on Uncertainty in Artificial Intelligence},
	Location = {Alberta, Canada},
	Numpages = {8},
	Pages = {216--223},
	Publisher = {Morgan Kaufmann Publishers Inc.},
	Series = {UAI'02},
	Title = {Expectation Propagation for Approximate Inference in Dynamic Bayesian Networks},
	Year = {2002}}

@article{Higgins+Whitehead:1996,
	Author = {Higgins, J. P. T. and Whitehead, A.},
	Journal = {Statistics in Medicine},
	Number = {24},
	Pages = {2733--2749},
	Title = {Borrowing strength from external trials in a meta-analysis},
	Volume = {15},
	Year = {1996}}

@article{Hoffman+others:2013,
	Author = {Matthew D. Hoffman and David M. Blei and Chong Wang and John William Paisley},
	Journal = {Journal of Machine Learning Research},
	Number = {1},
	Pages = {1303--1347},
	Title = {Stochastic variational inference},
	Volume = {14},
	Year = {2013}}

@techreport{Huang+Gelman:2005,
	Author = {Huang, Z., and Gelman, A.},
	Institution = {Department of Statistics, Columbia University},
	Title = {Sampling for {B}ayesian computation with large datasets},
	Type = {Technical report},
	Year = {2005}}

@article{Jylanki+others:2011,
	Author = {Pasi Jyl{\"a}nki and Jarno Vanhatalo and Aki Vehtari},
	Journal = {Journal of Machine Learning Research},
	Pages = {3227--3257},
	Title = {Robust {Gaussian} process regression with a {Student-$t$} likelihood},
	Volume = {12},
	Year = {2011}}

@inproceedings{Korattikara+others:2014,
	Author = {Anoop Korattikara Balan and Yutian Chen and Max Welling},
	Booktitle = {Proceedings of the 31th International Conference on Machine Learning, {ICML} 2014, Beijing, China, 21-26 June 2014},
	Pages = {181--189},
	Title = {Austerity in {MCMC} land: Cutting the Metropolis-Hastings budget},
	Year = {2014}}

@article{Kucukelbir+others:2016,
	Author = {Alp Kucukelbir and Dustin Tran and Rajesh Ranganath and Andrew Gelman and David M. Blei},
	Journal = {arXiv preprint arXiv:1603.00788},
	Title = {Automatic eifferentiation variational inference},
	Year = {2016}}

@inproceedings{li:2015,
	Author = {Li, Yingzhen and Hern{\'a}ndez-Lobato, Jos{\'e} Miguel and Turner, Richard E},
	Booktitle = {Advances in Neural Information Processing Systems},
	Pages = {2323--2331},
	Title = {Stochastic expectation propagation},
	Year = {2015}}

@phdthesis{Minka:2001a,
	Address = {Cambridge, MA, USA},
	Author = {Minka, Thomas P.},
	Publisher = {Massachusetts Institute of Technology},
	Title = {A family of algorithms for approximate Bayesian inference.},
	Year = {2001}}

@inproceedings{Minka:2001b,
	Author = {Thomas P. Minka},
	Booktitle = {Proceedings of the 17th Conference in Uncertainty in Artificial Intelligence (UAI-2001)},
	Editor = {J. Breese and D. Koller},
	Pages = {362--369},
	Publisher = {Morgan Kaufmann, San Francisco, Clif.},
	Title = {Expectation propagation for approximate {B}ayesian inference},
	Year = {2001}}

@techreport{Minka:2004,
	Author = {Thomas P. Minka},
	Institution = {Microsoft Research, Cambridge},
	Title = {Power {EP}.},
	Year = {2004}}

@techreport{Minka:2005,
	Author = {Thomas P. Minka},
	Institution = {Microsoft Research, Cambridge},
	Title = {Divergence measures and message passing.},
	Year = {2005}}

@article{Minsker+others:2014,
	Author = {Minsker, S. and Srivastava, S. and Lin, L. and Dunson, D.B.},
	Journal = {arXiv preprint arXiv:1403.2660},
	Title = {Robust and scalable {B}ayes via a median of subset posterior measures},
	Year = {2014}}

@book{Muirhead:2005,
	Address = {Hoboken, New Jersey},
	Author = {Muirhead, Robb J.},
	Publisher = {John Wiley \& Sons},
	Title = {Aspects of Multivariate Statistical Theory},
	Year = 2005}

@inproceedings{Neiswanger+others:2014,
	Author = {Willie Neiswanger and Chong Wang and Eric P. Xing},
	Booktitle = {Proceedings of the Thirtieth Conference on Uncertainty in Artificial Intelligence, {UAI} 2014, Quebec City, Quebec, Canada, July 23-27, 2014},
	Pages = {623--632},
	Title = {Asymptotically exact, embarrassingly parallel {MCMC}},
	Year = {2014}}

@article{Opper+Winther:2000,
	Author = {Opper, Manfred and Winther, Ole},
	Journal = {Neural Computation},
	Number = {11},
	Pages = {2655--2684},
	Title = {{Gaussian processes for classification: Mean-field algorithms}},
	Volume = {12},
	Year = {2000}}

@article{Wainwright:2008:GME:1498840.1498841,
	Acmid = {1498841},
	Address = {Hanover, MA, USA},
	Author = {Wainwright, Martin J. and Jordan, Michael I.},
	Doi = {10.1561/2200000001},
	Issn = {1935-8237},
	Issue_Date = {January 2008},
	Journal = {Found. Trends Mach. Learn.},
	Month = jan,
	Number = {1-2},
	Numpages = {305},
	Pages = {1--305},
	Publisher = {Now Publishers Inc.},
	Title = {Graphical Models, Exponential Families, and Variational Inference},
	Url = {http://dx.doi.org/10.1561/2200000001},
	Volume = {1},
	Year = {2008},
	Bdsk-Url-1 = {http://dx.doi.org/10.1561/2200000001}}

@article{Opper+Winther:2005,
	Author = {Opper, Manfred and Winther, Ole},
	Journal = {Journal of Machine Learning Research},
	Pages = {2177--2204},
	Title = {{Expectation consistent approximate inference}},
	Volume = {6},
	Year = {2005}}

@inproceedings{Ranganath+others:2014,
	Author = {Rajesh Ranganath and Sean Gerrish and David M. Blei},
	Booktitle = {Proceedings of the Seventeenth International Conference on Artificial Intelligence and Statistics (AISTATS)},
	Pages = {814--822},
	Title = {Black box variational inference},
	Volume = {33},
	Year = {2014}}

@book{Rasmussen+Williams:2006,
	Author = {Carl Edward Rasmussen and Christopher K. I. Williams},
	Publisher = {The MIT Press},
	Title = {Gaussian Processes for Machine Learning},
	Year = {2006}}

@article{Riihimaki+others:2013,
	Author = {Riihim{\"a}ki, J. and Jyl{\"a}nki, P. and Vehtari, A.},
	Journal = {Journal of Machine Learning Research},
	Pages = {75--109},
	Title = {Nested expectation propagation for Gaussian process classification with a multinomial probit likelihood},
	Volume = {14},
	Year = {2013}}

@article{Rue+others:2009,
	Author = {H{\aa}vard Rue and Sara Martino and Nicolas Chopin},
	Journal = {Journal of the Royal statistical Society B},
	Number = {2},
	Pages = {319--392},
	Title = {Approximate {Bayesian} inference for latent {Gaussian} models by using integrated nested {Laplace} approximations},
	Volume = {71},
	Year = {2009}}

@article{Sarr+Gupta:2009,
	Author = {Sarr, Amadou and Gupta, Arjun K.},
	Journal = {Journal of Multivariate Analysis},
	Number = {4},
	Pages = {742--752},
	Title = {Estimation of the precision matrix of multivariate {K}otz type Mmodel},
	Volume = {100},
	Year = {2009}}

@article{Sarwate+others:2014,
	Author = {A.D. Sarwate and S.M. Plis and J.A. Turner and M.R. Arbabshirani and V.D. Calhoun},
	Doi = {10.3389/fninf.2014.00035},
	Journal = {Frontiers in Neuroinformatics},
	Number = {35},
	Title = {Sharing privacy-sensitive access to neuroimaging and genetics data: A review and preliminary validation},
	Volume = {8},
	Year = {2014},
	Bdsk-Url-1 = {http://dx.doi.org/10.3389/fninf.2014.00035}}

@article{Scott+others:2016,
	Author = {Steven L. Scott and Alexander W. Blocker and Fernando V. Bonassi},
	Journal = {International Journal of Management Science and Engineering Management},
	Title = {Bayes and big data: The consensus Monte Carlo algorithm},
	Url = {http://www.tandfonline.com/doi/full/10.1080/17509653.2016.1142191},
	Year = 2016,
	Bdsk-Url-1 = {http://www.tandfonline.com/doi/full/10.1080/17509653.2016.1142191}}

@techreport{Seeger+Jordan:2004,
	Author = {Seeger, M. and Jordan, M.},
	Institution = {University of California, Berkeley},
	Title = {Sparse {G}aussian process classification with multiple classes},
	Type = {Technical report},
	Year = {2004}}

@techreport{Seeger:2005,
	Author = {Seeger, M.},
	Institution = {Max Planck Institute for Biological Cybernetics, Tubingen},
	Title = {Expectation propagation for exponential families},
	Type = {Technical report},
	Year = {2005}}

@article{Seeger:2008,
	Author = {Seeger, Matthias W.},
	Journal = {Journal of Machine Learning Research},
	Pages = {759--813},
	Title = {Bayesian Iinference and optimal design for the sparse linear model},
	Volume = {9},
	Year = {2008}}

@inproceedings{Smola+others:2004,
	Author = {Smola, Alexander J. and Vishwanathan, Vishy and Eskin, Eleazar},
	Booktitle = {Advances in Neural Information Processing 16},
	Editor = {S. Thrun and L.K. Saul and B. Sch{\"o}lkopf},
	Title = {{Laplace propagation}},
	Year = {2004}}

@manual{Stan:2015,
	Author = {{Stan Development Team}},
	Note = {Version 2.9.0, \url{http://mc-stan.org/}},
	Title = {Stan modeling language: User's guide and reference manual},
	Year = 2015}

@manual{Stan:2016,
	Author = {{Stan Development Team}},
	Note = {Version 2.14.0, \url{http://mc-stan.org/}},
	Title = {Stan modeling language: User's guide and reference manual},
	Year = 2016}

@article{StanJSS:2017,
	Author = {Carpenter, Bob and Gelman, Andrew and Hoffman, Matt and Lee, Daniel and Goodrich, Ben and Betancourt, Michael and Brubaker, Michael A. and Guo, Jiqiang and Li, Peter and Riddell, Allen},
	Journal = {Journal of Statistical Software},
	Title = {Stan: A probabilistic programming language},
	Volume = {(in press)},
	Year = 2017}

@article{Hasenclever+others:2015,
	Author = {Hasenclever, Leonard and Webb, Stefan and Lienart, Thibaut and Vollmer, Sebastian and Lakshminarayanan, Balaji and Blundell, Charles and Teh, Yee Whye},
	Journal = {arXiv preprint arXiv:1512.09327},
	Title = {Distributed {B}ayesian learning with Stochastic natural-gradient expectation propagation and the posterior server},
	Year = 2015}

@article{Tsukuma+Konno:2006,
	Author = {Tsukuma, Hisayuki and Konno, Yoshihiko},
	Journal = {Journal of Multivariate Analysis},
	Number = {7},
	Pages = {1477--1500},
	Title = {On improved estimation of normal precision matrix and discriminant Ccoefficients},
	Volume = {97},
	Year = {2006}}

@inproceedings{vanGerven+others:2009,
	Author = {{van Gerven}, M. and Cseke, B. and Oostenveld, R. and Heskes, T.},
	Booktitle = {Advances in Neural Information Processing 22},
	Editor = {Y. Bengio and D. Schuurmans and J. Lafferty and C. K. I. Williams and A. Culotta},
	Pages = {1901--1909},
	Title = {Bayesian source localization with the multivariate {Laplace} prior},
	Year = {2009}}

@article{Vanhatalo+others:2013,
	Author = {Jarno Vanhatalo and Jaakko Riihim{\"a}ki and Jouni Hartikainen and Pasi Jyl{\"a}nki and Ville Tolvanen and Aki Vehtari},
	Journal = {Journal of Machine Learning Research},
	Pages = {1175--1179},
	Title = {{GPstuff}: {Bayesian} modeling with {Gaussian} processes},
	Volume = {14},
	Year = {2013}}

@article{Villani+Larsson:2006,
	Author = {Villani, M. and Larsson, R.},
	Journal = {Communications in Statistics---Theory and Methods},
	Number = {6},
	Pages = {1123--1140},
	Publisher = {Taylor \& Francis},
	Title = {The multivariate split normal distribution and asymmetric principal components analysis},
	Volume = {35},
	Year = {2006}}

@article{Wainwright+Jordan:2008,
	Author = {Wainwright, Martin J. and Jordan, Michael I.},
	Journal = {Found. Trends Mach. Learn.},
	Number = {1-2},
	Pages = {1--305},
	Title = {Graphical models, exponential camilies, and variational inference},
	Volume = {1},
	Year = {2008}}

@article{Wang+Blei:2013,
	Author = {Wang, Chong and Blei, David M.},
	Journal = {J. Mach. Learn. Res.},
	Number = {1},
	Pages = {1005--1031},
	Title = {Variational inference in nonconjugate models},
	Volume = {14},
	Year = {2013}}

@article{Wang+Dunson:2013,
	Author = {Wang, X. and Dunson, D. B.},
	Journal = {arXiv preprint arXiv:1312.4605},
	Title = {{Parallelizing MCMC via Weierstrass sampler}},
	Year = {2013}}

@article{Winn+Bishop:2005,
	Author = {Winn, John and Bishop, Christopher M.},
	Journal = {Journal of Machine Learning Research},
	Pages = {661--694},
	Title = {{Variational message passing}},
	Volume = {6},
	Year = {2005}}

@inproceedings{Xu+others:2014,
	Author = {Minjie Xu and Balaji Lakshminarayanan and Yee Whye Teh and Jun Zhu and Bo Zhang},
	Booktitle = {Advances in Neural Information Processing Systems 27},
	Editor = {Zoubin Ghahramani and Max Welling and Corinna Cortes and Neil D. Lawrence and Kilian Q. Weinberger},
	Pages = {3356--3364},
	Title = {{Distributed {B}ayesian posterior sampling via moment sharing}},
	Year = {2014}}

@inproceedings{Zoeter+Heskes:2005,
	Author = {Zoeter, Onno and Heskes, Tom},
	Booktitle = {International Workshop on Artificial Intelligence and Statistics (AISTATS)},
	Editor = {Cowell, Robert and Ghahramani, Zoubin},
	Title = {{Gaussian quadrature based expectation propagation}},
	Volume = {10},
	Year = {2005}}

@article{bardenet2015on,
	Author = {Bardenet, R{\'e}mi and Doucet, Arnaud and Holmes, Chris},
	Eprint = {1505.02827v1},
	Eprintclass = {stat.ME},
	Eprinttype = {arxiv},
	Journal = {arXiv.org},
	Title = {{On Markov chain Monte Carlo methods for tall data}},
	Year = {2015}}

@article{pearl1986fusion,
	Author = {Pearl, J},
	Journal = {Artificial Intelligence},
	Number = {3},
	Pages = {241--288},
	Title = {{Fusion, propagation, and structuring in belief networks}},
	Volume = {29},
	Year = {1986}}

@techreport{jordan2003introduction,
	Author = {Jordan, M I},
	Title = {{An introduction to probabilistic graphical models}},
	Year = {2003}}

@article{dehaene2015expectation,
	Author = {Dehaene, Guillaume and Barthelme, Simon},
	Journal = {arXiv preprint arXiv:1503.08060},
	Title = {{Expectation Propagation in the large-data limit}},
	Year = {2015}}

@inproceedings{dean2012large,
	Author = {Dean, Jeffrey and Corrado, Greg and Monga, Rajat and Chen, Kai and Devin, Matthieu and Mao, Mark and Ranzato, Marc'aurelio and Senior, Andrew and Tucker, Paul and Yang, Ke and Le, Quoc V and Ng, Andrew Y},
	Booktitle = {Neural Information Processing Systems},
	Pages = {1223--1231},
	Title = {{Large Scale Distributed Deep Networks}},
	Year = {2012}}

@article{wand2017fast,
	Author = {Wand, M P},
	Journal = {Journal of the American Statistical Association},
	Title = {{Fast Approximate Inference for Arbitrarily Large Semiparametric Regression Models via Message Passing}},
	Year = {2017}}

@inproceedings{tran2016variational,
	Author = {Tran, Dustin and Ranganath, Rajesh and Blei, David M},
	Booktitle = {International Conference on Learning Representations},
	Title = {{The Variational Gaussian Process}},
	Year = {2016}}

@inproceedings{ranganath2016hierarchical,
	Author = {Ranganath, Rajesh and Tran, Dustin and Blei, David M},
	Booktitle = {International Conference on Machine Learning},
	Title = {{Hierarchical Variational Models}},
	Year = {2016}}
